@inproceedings{sande2013,
author = {Vander Sande, Miel and Colpaert, Pieter and Verborgh, Ruben and Coppens, Sam and Mannens, Erik and Van de Walle, Rik},
year = {2013},
month = {01},
pages = {},
title = {R&Wbase: git for triples.}
}

@inproceedings{van2020comparing,		
   title={Comparing a polling and push-based approach for live Open Data interfaces},		
   author={Van de Vyvere, Brecht and Colpaert, Pieter and Verborgh, Ruben},		
   booktitle={International Conference on Web Engineering},		
   pages={87--101},		
   year={2020},		
   organization={Springer}		
 }

 @inproceedings{delva2020geospatial,		
 title={Geospatial Partitioning of Open Transit Data},		
 author={Delva, Harm and Rojas, Juli{\'a}n Andr{\'e}s and Vandenberghe, Pieter-Jan and Colpaert, Pieter and Verborgh, Ruben},		
 booktitle={International Conference on Web Engineering},		
 pages={305--320},		
 year={2020},		
 organization={Springer}		
}