@article{semanticweb,
  title = {The semantic web},
  author = {Berners-Lee, Tim and Hendler, James and Lassila, Ora and others},
  journal = {Scientific American},
  volume = {284},
  number = {5},
  pages = {28--37},
  year = {2001},
  publisher = {New York, NY, USA:}
}

@inproceedings{delva2020geospatial,		
  title={Geospatial Partitioning of Open Transit Data},		
  author={Delva, Harm and Rojas, Juli{\'a}n Andr{\'e}s and Vandenberghe, Pieter-Jan and Colpaert, Pieter and Verborgh, Ruben},		
  booktitle={International Conference on Web Engineering},		
  pages={305--320},		
  year={2020},		
  organization={Springer}		
}