@inproceedings{sande2013,
author = {Vander Sande, Miel and Colpaert, Pieter and Verborgh, Ruben and Coppens, Sam and Mannens, Erik and Van de Walle, Rik},
year = {2013},
month = {01},
pages = {},
title = {R&Wbase: git for triples.}
}

@inproceedings{van2020comparing,		
   title={Comparing a polling and push-based approach for live Open Data interfaces},		
   author={Van de Vyvere, Brecht and Colpaert, Pieter and Verborgh, Ruben},		
   booktitle={International Conference on Web Engineering},		
   pages={87--101},		
   year={2020},		
   organization={Springer}		
 }

 @inproceedings{delva2020geospatial,		
 title={Geospatial Partitioning of Open Transit Data},		
 author={Delva, Harm and Rojas, Juli{\'a}n Andr{\'e}s and Vandenberghe, Pieter-Jan and Colpaert, Pieter and Verborgh, Ruben},		
 booktitle={International Conference on Web Engineering},		
 pages={305--320},		
 year={2020},		
 organization={Springer}		
}

@article{atmoko2017,
author = {Atmoko, Rachmad and Riantini, R and Hasin, M},
year = {2017},
month = {05},
pages = {012003},
title = {IoT real time data acquisition using MQTT protocol},
volume = {853},
journal = {Journal of Physics: Conference Series},
doi = {10.1088/1742-6596/853/1/012003}
}

@INPROCEEDINGS{Luzuriaga2015,
  author={J. E. {Luzuriaga} and M. {Perez} and P. {Boronat} and J. C. {Cano} and C. {Calafate} and P. {Manzoni}},
  booktitle={2015 12th Annual IEEE Consumer Communications and Networking Conference (CCNC)}, 
  title={A comparative evaluation of AMQP and MQTT protocols over unstable and mobile networks}, 
  year={2015},
  volume={},
  number={},
  pages={931-936},
  doi={10.1109/CCNC.2015.7158101}}

@INPROCEEDINGS{Parwez2010,
  author={M. R. {Parwez} and M. {Akbar} and S. {Haider} and M. S. {Javaid}},
  booktitle={2010 2nd IEEE International Conference on Information Management and Engineering}, 
  title={DNS propagation delay: An effective and robust solution using authoritative response from non-authoritative server}, 
  year={2010},
  volume={},
  number={},
  pages={150-153},
  doi={10.1109/ICIME.2010.5477485}}

@inproceedings{Hrushak2020,
author = {Hrushak, Serhii and Pavlenko, Cynthia},
year = {2020},
month = {04},
pages = {},
title = {Advantages of DNS-over-HTTPS over DNS},
doi = {10.30837/IVcsitic2020201356}
}

@techreport{RFC8484,
  author = {P. Hoffman and P. McManus},
  title = {DNS Queries over HTTPS (DoH)},
  howpublished = {Internet Requests for Comments},
  type = {RFC},
  number = {8484},
  year = {2018},
  month = {October},
  issn = {2070-1721},
  publisher = {RFC Editor},
  institution = {RFC Editor},
}

@article{Graube2014,
author = {Graube, Markus and Hensel, Stephan and Urbas, Leon},
year = {2014},
month = {01},
pages = {},
title = {R43ples: Revisions for triples an approach for version control in the semantic web},
volume = {1215},
journal = {CEUR Workshop Proceedings}
}

@inproceedings{Borgolte2019HowDO,
  title={How DNS over HTTPS is Reshaping Privacy, Performance, and Policy in the Internet Ecosystem},
  author={Kevin Borgolte and T. Chattopadhyay and N. Feamster and Mihir Kshirsagar and Jordan Holland and Austin Hounsel and Paul Schmitt},
  year={2019}
}

@InProceedings{Kuhn2015,
author="Kuhn, Tobias
and Chichester, Christine
and Krauthammer, Michael
and Dumontier, Michel",
editor="Arenas, Marcelo
and Corcho, Oscar
and Simperl, Elena
and Strohmaier, Markus
and d'Aquin, Mathieu
and Srinivas, Kavitha
and Groth, Paul
and Dumontier, Michel
and Heflin, Jeff
and Thirunarayan, Krishnaprasad
and Thirunarayan, Krishnaprasad
and Staab, Steffen",
title="Publishing Without Publishers: A Decentralized Approach to Dissemination, Retrieval, and Archiving of Data",
booktitle="The Semantic Web - ISWC 2015",
year="2015",
publisher="Springer International Publishing",
address="Cham",
pages="656--672",
isbn="978-3-319-25007-6"
}

@inproceedings{Verborgh2014,
author = {Verborgh, Ruben and Vander Sande, Miel and Colpaert, Pieter and Coppens, Sam and Mannens, Erik and Van de Walle, Rik},
year = {2014},
month = {04},
pages = {},
title = {Web-Scale Querying through Linked Data Fragments},
volume = {1184},
journal = {CEUR Workshop Proceedings}
}

@article{Lnecicka2019,
author = {Lněnička, Martin and Komárková, Jitka},
year = {2019},
month = {06},
pages = {124-141},
title = {Developing a government enterprise architecture framework to support the requirements of big and open linked data with the use of cloud computing},
volume = {46},
journal = {International Journal of Information Management},
doi = {10.1016/j.ijinfomgt.2018.12.003}
}

@inproceedings{Sparql2Git,
title = "SPARQL2Git: Transparent SPARQL and Linked Data API Curation via Git",
author = "Albert Mero{\~n}o-Pe{\~n}uela and R.J. Hoekstra",
year = "2017",
language = "English",
booktitle = "Proceedings of the 14th Extended Semantic Web Conference (ESWC 2017), Poster and Demo Track",
publisher = "Springer/Verlag",
}

@inproceedings{Arndt2016,
author = {Arndt, Natanael and Radtke, Norman},
title = {Quit Diff: Calculating the Delta Between RDF Datasets Under Version Control},
year = {2016},
isbn = {9781450347525},
publisher = {Association for Computing Machinery},
address = {New York, NY, USA},
url = {https://doi.org/10.1145/2993318.2993349},
doi = {10.1145/2993318.2993349},
booktitle = {Proceedings of the 12th International Conference on Semantic Systems},
pages = {185–188},
numpages = {4},
location = {Leipzig, Germany},
series = {SEMANTiCS 2016}
}

@inproceedings{Barbieri2010,
author = {Barbieri, Davide and Della Valle, Emanuele},
year = {2010},
month = {01},
pages = {},
title = {A Proposal for Publishing Data Streams as Linked Data - A Position Paper.},
volume = {628}
}

@article{Schalkwyk2016,
  title={Viscous Open Data: The Roles of Intermediaries in an Open Data Ecosystem},
  author={F. V. Schalkwyk and M. Willmers and M. McNaughton},
  journal={Information Technology for Development},
  year={2016},
  volume={22},
  pages={68 - 83}
}

@article{Hossain2015,
author = {Hossain, Mohammad and Dwivedi, Yogesh and Rana, Nripendra},
year = {2015},
month = {12},
pages = {},
title = {State of the Art in Open Data Research: Insights from Existing Literature and a Research Agenda},
volume = {26},
journal = {Journal of Organizational Computing and Electronic Commerce},
doi = {10.1080/10919392.2015.1124007}
}

@InProceedings{Kubitza2019,
author="Kubitza, Dennis Oliver
and B{\"o}ckmann, Matthias
and Graux, Damien",
editor="Ghidini, Chiara
and Hartig, Olaf
and Maleshkova, Maria
and Sv{\'a}tek, Vojt{\v{e}}ch
and Cruz, Isabel
and Hogan, Aidan
and Song, Jie
and Lefran{\c{c}}ois, Maxime
and Gandon, Fabien",
title="SemanGit: A Linked Dataset from git",
booktitle="The Semantic Web -- ISWC 2019",
year="2019",
publisher="Springer International Publishing",
address="Cham",
pages="215--228",
isbn="978-3-030-30796-7"
}

@inproceedings{grlc2016,
title = "grlc Makes GitHub Taste Like Linked Data APIs",
abstract = "Building Web APIs on top of SPARQL endpoints is becoming common practice. It enables universal access to the integration favorable data space of Linked Data. In the majority of use cases, users cannot be expected to learn SPARQL to query this data space. Web APIs are the most common way to enable programmatic access to data on the Web. However, the implementation of Web APIs around Linked Data is often a tedious and repetitive process. Recent work speeds up this Linked Data API construction by wrapping it around SPARQL queries, which carry out the API functionality under the hood. Inspired by this development, in this paper we present grlc, a lightweight server that takes SPARQL queries curated in GitHub repositories, and translates them to Linked Data APIs on the fly.",
keywords = "Git, GitHub, Linked data APIs, RESTFul, SPARQL",
author = "{Merono Penuela}, A. and R.J. Hoekstra",
year = "2016",
doi = "10.1007/978-3-319-47602-5_48",
language = "English",
isbn = "9783319476018",
volume = "9989 LNCS",
series = "Lecture Notes in Computer Science (including subseries Lecture Notes in Artificial Intelligence and Lecture Notes in Bioinformatics)",
publisher = "Springer/Verlag",
pages = "342--353",
booktitle = "The Semantic Web - ESWC 2016 Satellite Events, Revised Selected Papers",
}

@inproceedings{ArndtDist206,
author = {Arndt, Natanael and Radtke, Norman and Martin, Michael},
year = {2016},
month = {09},
pages = {},
title = {Distributed Collaboration on RDF Datasets Using Git: Towards the Quit-Store},
doi = {10.1145/2993318.2993328}
}

@inproceedings{Arndt2017ExploringTE,
  title={Exploring the Evolution and Provenance of Git Versioned RDF Data},
  author={Natanael Arndt and Patrick Naumann and Edgard Marx},
  booktitle={MEPDaW/LDQ@ESWC},
  year={2017}
}

@software{AwesomeStreaming,
  title={Awesome Streaming},
  author={Guozhang Wang},
  month=oct,
  year=2020,
  url={https://github.com/guozhangwang/awesome-streaming}
}

@InProceedings{Verborgh2014QueryingHA,
author="Verborgh, Ruben
and Hartig, Olaf
and De Meester, Ben
and Haesendonck, Gerald
and De Vocht, Laurens
and Vander Sande, Miel
and Cyganiak, Richard
and Colpaert, Pieter
and Mannens, Erik
and Van de Walle, Rik",
editor="Mika, Peter
and Tudorache, Tania
and Bernstein, Abraham
and Welty, Chris
and Knoblock, Craig
and Vrande{\v{c}}i{\'{c}}, Denny
and Groth, Paul
and Noy, Natasha
and Janowicz, Krzysztof
and Goble, Carole",
title="Querying Datasets on the Web with High Availability",
booktitle="The Semantic Web -- ISWC 2014",
year="2014",
publisher="Springer International Publishing",
address="Cham",
pages="180--196",
isbn="978-3-319-11964-9"
}

@article{Dwivedi2016,
author = {Dwivedi, Yogesh and Janssen, Marijn and Slade, Emma and Rana, Nripendra and Weerakkody, Vishanth and Millard, Jeremy and Hidders, Jan and Snijders, Dhoya},
year = {2016},
month = {07},
pages = {},
title = {Driving innovation through big open linked data (BOLD): Exploring antecedents using interpretive structural modelling},
journal = {Information Systems Frontiers},
doi = {10.1007/s10796-016-9675-5}
}

@inproceedings{Tommasini2019BootstrappingTP,
  title={Bootstrapping the Publication of Linked Data Streams},
  author={R. Tommasini and M. Ragab and Alessandro Falcetta and E. D. Valle and S. Sakr},
  booktitle={ISWC Satellites},
  year={2019}
}

@inproceedings{Folz2015CyCLaDEsAD,
  title={CyCLaDEs: A Decentralized Cache for Linked Data Fragments},
  author={Pauline Folz and H. Skaf-Molli and P. Molli},
  booktitle={ESWC 2015},
  year={2015}
}

@article{Akhtar2018,
author = {Akhtar, Usman and Razzaq, Muhammad and Rehman, Ubaid Ur and Amin, Muhammad and Khan, Wajahat and Huh, Eui-nam and Lee, Sungyoung},
year = {2018},
month = {09},
pages = {1-1},
title = {Change-Aware Scheduling for Effectively Updating Linked Open Data Caches},
volume = {PP},
journal = {IEEE Access},
doi = {10.1109/ACCESS.2018.2871511}
}

@techreport{harth2011publishing,
  title={Publishing Event Streams as Linked Data'},
  author={Harth, A and St{\"u}hmer, R},
  year={2011},
  institution={Technical report, Karlsruhe Institute of Technology, http://km. aifb. kit~…}
}

@patent{patent:7987291,
 title     = "Data distribution using DNS",
 number    = "7987291",
 author    = "Bogner, Etay (Tel-Aviv, IL)",
 year      = "2011",
 month     = "July",
 url       = "https://www.freepatentsonline.com/7987291.html"
}

@patent{patent:8689280,
 title     = "DNS-based content routing",
 number    = "8689280",
 author    = "Spektor, Daron (Seattle, WA, US), Cleaver, Bradley A. (Seattle, WA, US)",
 year      = "2014",
 month     = "April",
 url       = "https://www.freepatentsonline.com/8689280.html"
}